<?xml version="1.0" encoding="UTF-8"?><collection xmlns="http://www.loc.gov/MARC21/slim"><record><leader>00548nam--2200205-u-4500</leader><controlfield tag="001">000052776</controlfield><controlfield tag="002">20161230</controlfield><controlfield tag="005">20161230201050</controlfield><controlfield tag="008">101013s1000------------r-----000-0-rus-d</controlfield><datafield ind1=" " ind2=" " tag="040"><subfield code="a">IFIN-HH</subfield></datafield><datafield ind1=" " ind2=" " tag="041"><subfield code="a">rus</subfield></datafield><datafield ind1=" " ind2=" " tag="080"><subfield code="a">534.2</subfield></datafield><datafield ind1="1" ind2=" " tag="100"><subfield code="a">Gurbatov, S.N</subfield></datafield><datafield ind1="1" ind2="0" tag="245"><subfield code="a">Nelineinie sluceainie volni v sredah bez dispersii</subfield><subfield code="c">S.N. Gurbatov, A.N. Malahov, A.I. Saicev</subfield></datafield><datafield ind1=" " ind2=" " tag="260"><subfield code="a">Moskva</subfield><subfield code="b">Hauka</subfield><subfield code="c">1990</subfield></datafield><datafield ind1=" " ind2=" " tag="300"><subfield code="a">215p</subfield></datafield><datafield ind1=" " ind2=" " tag="490"><subfield code="a">Sovremennie problemi fiziki</subfield></datafield><datafield ind1="1" ind2=" " tag="700"><subfield code="a">Saicev, A.I</subfield></datafield><datafield ind1=" " ind2=" " tag="852"><subfield code="a">79419</subfield><subfield code="c">534</subfield></datafield><datafield ind1=" " ind2=" " tag="CAT"><subfield code="a">Sys</subfield><subfield code="c">20101013</subfield><subfield code="h">152422</subfield></datafield></record></collection>